<record><leader>00000cas a22000007a 4500</leader><controlfield tag="001">23006849</controlfield><controlfield tag="008">910124d19uu1980nyuwr ne      0    0eng d</controlfield><datafield ind1=" " ind2=" " tag="010"><subfield code="a">sn 90066376 </subfield></datafield><datafield ind1=" " ind2=" " tag="040"><subfield code="a">NYS</subfield><subfield code="b">eng</subfield><subfield code="c">NYS</subfield><subfield code="d">OCLCQ</subfield></datafield><datafield ind1=" " ind2=" " tag="042"><subfield code="a">msc</subfield></datafield><datafield ind1="0" ind2=" " tag="130"><subfield code="a">Wallkill Valley world (Wallkill, N.Y. : 1953)</subfield></datafield><datafield ind1="1" ind2="4" tag="245"><subfield code="a">The Wallkill Valley world.</subfield></datafield><datafield ind1=" " ind2=" " tag="260"><subfield code="a">[Wallkill], Ulster County, N.Y. :</subfield><subfield code="b">Hudson Valley Newspapers,</subfield><subfield code="c">-1980.</subfield></datafield><datafield ind1=" " ind2=" " tag="300"><subfield code="a">v. :</subfield><subfield code="b">ill.</subfield></datafield><datafield ind1=" " ind2=" " tag="310"><subfield code="a">Weekly</subfield></datafield><datafield ind1="0" ind2=" " tag="362"><subfield code="a">-v. 93, no. 18 (Apr. 30, 1980).</subfield></datafield><datafield ind1=" " ind2=" " tag="500"><subfield code="a">Later published in Highland, N.Y.</subfield></datafield><datafield ind1=" " ind2=" " tag="588"><subfield code="a">Description based on: Vol. 33, no. 25 (Aug. 13, 1953).</subfield></datafield><datafield ind1=" " ind2="4" tag="651"><subfield code="a">Wallkill (N.Y.)</subfield><subfield code="v">Newspapers.</subfield></datafield><datafield ind1=" " ind2="4" tag="651"><subfield code="a">Highland (N.Y.)</subfield><subfield code="v">Newspapers.</subfield></datafield><datafield ind1=" " ind2=" " tag="752"><subfield code="a">United States</subfield><subfield code="b">New York</subfield><subfield code="c">Ulster</subfield><subfield code="d">Wallkill.</subfield></datafield><datafield ind1=" " ind2=" " tag="752"><subfield code="a">United States</subfield><subfield code="b">New York</subfield><subfield code="c">Ulster</subfield><subfield code="d">Highland.</subfield></datafield><datafield ind1="0" ind2="1" tag="780"><subfield code="t">Wallkill Valley world consolidated with the New Paltz news</subfield><subfield code="w">(DLC)sn 90066375</subfield><subfield code="w">(OCoLC)23006898</subfield></datafield><datafield ind1="0" ind2="7" tag="785"><subfield code="t">New Paltz news</subfield><subfield code="w">(DLC)sn 89071092</subfield><subfield code="w">(OCoLC)18971245</subfield></datafield><datafield ind1="0" ind2="7" tag="785"><subfield code="t">New Paltz news combined with the Wallkill Valley world</subfield><subfield code="w">(DLC)sn 91066009</subfield><subfield code="w">(OCoLC)23173249</subfield></datafield></record>